% -----------------------------------------------------------------------------------
% KLEMEN KENDA's JOURNAL PAPERS
% -----------------------------------------------------------------------------------

@article{kenda:2018:autonomous,
    keywords= {myarticle},
    title={Autonomous Sensor Data Cleaning in Stream Mining Setting},
    author={Kenda, Klemen and Mladeni{\'c}, Dunja},
    journal={Business Systems Research Journal},
    volume={9},
    number={2},
    pages={69--79},
    year={2018},
    publisher={Sciendo}
}

@article{kenda:2019:fusion,
    keywords={myarticle},
    title={Streaming data fusion for the Internet of Things},
    author={Kenda, Klemen and Ka{\v{z}}i{\v{c}}, Bla{\v{z}} and Novak, Erik and Mladeni{\'c}, Dunja},
    journal={Sensors},
    volume={19},
    number={8},
    pages={1955},
    year={2019},
    publisher={Multidisciplinary Digital Publishing Institute}
}

@article{koprivec:2020:fastener,
    keywords= {myarticle},
    author = {Koprivec, Filip and Kenda, Klemen and Šircelj, Beno},
    title = {{FASTENER} Feature Selection for Inference from Earth Observation Data},
    journal = {Entropy},
    volume = {22},
    year = {2020},
    number = {11},
    pages = {1198},
    publisher={Multidisciplinary Digital Publishing Institute}
}

@article{kenda:2020:water-modeling,
    keywords = {myarticle},
    title={Usage of statistical modeling techniques in surface and groundwater level prediction},
    author={Kenda, Klemen and Peternelj, Jo{\v{z}}e and Mellios, Nikos and Kofinas, Dimitris and {\v{C}}erin, Matej and Ro{\v{z}}anec, Jo{\v{z}}e},
    journal={Journal of Water Supply: Research and Technology—AQUA},
    volume={69},
    number={3},
    pages={248--265},
    year={2020},
    publisher={IWA Publishing}
}

@article{zajec:2021:helpmelearn,
    keywords={myotherarticle},
    title={Help Me Learn! Architecture and Strategies to Combine Recommendations and Active Learning in Manufacturing},
    author={Zajec, Patrik and Ro{\v{z}}anec, Jo{\v{z}}e M and Trajkova, Elena and Novalija, Inna and Kenda, Klemen and Fortuna, Bla{\v{z}} and Mladeni{\'c}, Dunja},
    journal={Information},
    volume={12},
    number={11},
    pages={473},
    year={2021},
    publisher={MDPI}
}

@article{rozanec:2021:explaining,
    keywords={myotherarticle},
    title={Explaining bad forecasts in global time series models},
    author={Ro{\v{z}}anec, Jo{\v{z}}e and Trajkova, Elena and Kenda, Klemen and Fortuna, Bla{\v{z}} and Mladeni{\'c}, Dunja},
    journal={Applied Sciences},
    volume={11},
    number={19},
    pages={9243},
    year={2021},
    publisher={MDPI}
}

@article{kenda:2022:water-framework,
    keywords = {myarticle},
    author = {Kenda, Klemen and Mellios, Nikos and Pergar, Petra and Seno\v{z}etnik, Matej},
    title = {Computer Architectures for Incremental Learning in Water Management},
    journal = {Sustainability},
    volume = {14},
    year = {2022},
    number = {5},
    pages = {2882},
    publisher={Multidisciplinary Digital Publishing Institute}
}

@article{rozenec:2022:enriching,
    keywords = {myotherarticle},
    title={Enriching artificial intelligence explanations with knowledge fragments},
    author={Ro{\v{z}}anec, Jo{\v{z}}e and Trajkova, Elena and Novalija, Inna and Zajec, Patrik and Kenda, Klemen and Fortuna, Bla{\v{z}} and Mladeni{\'c}, Dunja},
    journal={Future Internet},
    volume={14},
    number={5},
    pages={134},
    year={2022},
    publisher={MDPI}
}

@article{rozanec:2022:humancentric,
    keywords = {myotherarticle},
    title={Human-centric artificial intelligence architecture for industry 5.0 applications},
    author={Ro{\v{z}}anec, Jo{\v{z}}e M and Novalija, Inna and Zajec, Patrik and Kenda, Klemen and Tavakoli Ghinani, Hooman and Suh, Sungho and Veliou, Entso and Papamartzivanos, Dimitrios and Giannetsos, Thanassis and Menesidou, Sofia Anna and others},
    journal={International Journal of Production Research},
    pages={1--26},
    year={2022},
    publisher={Taylor \& Francis}
}
% -----------------------------------------------------------------------------------
% KLEMEN KENDA's BOOK CHAPTERS
% -----------------------------------------------------------------------------------

@incollection{kenda:2013:mashups,
    keywords={},
    title={Mashups for the web of things},
    author={Kenda, Klemen and Fortuna, Carolina and Moraru, Alexandra and Mladeni{\'c}, Dunja and Fortuna, Bla{\v{z}} and Grobelnik, Marko},
    booktitle={Semantic Mashups},
    pages={145--169},
    year={2013},
    publisher={Springer}
}

@incollection{koprivec:2021:screening,
    keywords={mybook},
    title={Screening Tool for Anti-money Laundering Supervision},
    author={Koprivec, Filip and Kr{\v{z}}manc, Gregor and {\v{S}}krjanc, Maja and Kenda, Klemen and Novak, Erik},
    booktitle={Big Data and Artificial Intelligence in Digital Finance: Increasing Personalization and Trust in Digital Finance using Big Data and AI},
    pages={233--251},
    year={2021},
    publisher={Springer International Publishing Cham}
}

@article{rovzanec2021knowledge,
    keywords={mybook},
    title={Knowledge modelling and active learning in manufacturing},
    author={Ro{\v{z}}anec, Jo{\v{z}}e M and Novalija, Inna and Zajec, Patrik and Kenda, Klemen and Mladenic, Dunja},
    journal={Trusted Artificial Intelligence in Manufacturing: A Review of the Emerging Wave of Ethical and Human Centric AI Technologies for Smart Production},
    pages={52-72},
    year={2021},
    publisher={Boston-Delft}
}


% -----------------------------------------------------------------------------------
% KLEMEN KENDA's CONFERENCE PAPERS
% -----------------------------------------------------------------------------------

@inproceedings{petkovsek:2021:anomaly,
    keywords = {myconf},
    title={Anomaly detection on live water pressure data stream},
    author={Petkov\v{s}ek, Gal and Erzno\v{z}nik, Matic and Kenda, Klemen},
    pages={53--56},
    booktitle={2021 24th International Multiconference Information Society (IS)},
    year={2021},
    organization={Institut Jo\v{z}ef Stefan}
}

@inproceedings{costa:2021:entropy,
    keywords = {myotherconf},
    title={Entropy for time series forecasting},
    author={Costa, Jo\~{a}o and Costa, Ant\'{o}nio and Kenda, Klemen and Pita Costa, Jo\~{a}o},
    pages={53--56},
    booktitle={2021 24th International Multiconference Information Society (IS)},
    year={2021},
    organization={Institut Jo\v{z}ef Stefan}
}

@inproceedings{cerin:2020:amazon,
    keywords = {myotherconf},
    title={Amazon forest fire detection with an active learning approach},
    author={\v{C}erin, Matej and Kenda, Klemen},
    pages={69--72},
    booktitle={2020 23rd International Multiconference Information Society (IS)},
    year={2020},
    organization={Institut Jo\v{z}ef Stefan}
}

@inproceedings{peternelj:2020:incremental,
    keywords = {myconf},
    title={Usage of incremental learning in land-cover classification},
    author={Peternelj, Jo\v{z}e and \v{S}ircelj, Beno and Kenda, Klemen},
    pages={57--60},
    booktitle={2020 23rd International Multiconference Information Society (IS)},
    year={2020},
    organization={Institut Jo\v{z}ef Stefan}
}

@inproceedings{kralj:2019:document_embedding,
    keywords = {myotherconf},
    title={Document embedding models on environmental legal documents},
    author={Kralj, Samo and Urban\v{c}i\v{c}, \v{Z}iva and Novak, Erik and Kenda, Klemen},
    pages={29--32},
    booktitle={2019 22nd International Multiconference Information Society (IS)},
    year={2019},
    organization={Institut Jo\v{z}ef Stefan}
}

@inproceedings{cerin:2019:early-land-cover,
    keywords = {myotherconf},
    title={Early land cover classification with Sentinel 2 satelliteimages and temperature data},
    author={\v{C}erin, Matej and Koprivec, Filip and Kenda, Klemen},
    pages={45--48},
    booktitle={2019 22nd International Multiconference Information Society (IS)},
    year={2019},
    organization={Institut Jo\v{z}ef Stefan}
}

@inproceedings{koprivec:2019:feature-selection,
    keywords = {myconf},
    title={Feature selection in land-cover classification using EO-learn},
    author={Koprivec, Filip and Peternelj, Jo\v{z}e and Kenda, Klemen},
    pages={37--40},
    booktitle={2019 22nd International Multiconference Information Society (IS)},
    year={2019},
    organization={Institut Jo\v{z}ef Stefan}
}

@inproceedings{besher:2019:semantic-enrichment,
    keywords = {myotherconf},
    title={Semantic enrichment and analysis of legal domain documents},
    author={Besher, Massri M. and Brezec, Sara and Novak, Erik and Kenda, Klemen},
    pages={17--20},
    booktitle={2019 22nd International Multiconference Information Society (IS)},
    year={2019},
    organization={Institut Jo\v{z}ef Stefan}
}

@inproceedings{koprivec:2018:perceptivesentinel,
    keywords = {myconf},
    title={Crop classification using PerceptiveSentinel},
    author={Koprivec, Filip and \v{C}erin, Matej and Kenda, Klemen},
    pages={37--40},
    booktitle={2018 21st International Multiconference Information Society (IS)},
    year={2018},
    organization={Institut Jo\v{z}ef Stefan}
}

@inproceedings{kenda:2018:groundwater,
    keywords = { myconf },
    title={Groundwater Modeling with Machine Learning Techniques: Ljubljana polje Aquifer},
    author={Kenda, Klemen and {\v{C}}erin, Matej and Bogataj, Mark and Seno{\v{z}}etnik, Matej and Klemen, Kristina and Pergar, Petra and Laspidou, Chrysi and Mladeni{\'c}, Dunja},
    booktitle={Multidisciplinary Digital Publishing Institute Proceedings},
    volume={2},
    number={11},
    pages={697},
    year={2018}
}

@inproceedings{senozetnik:2018:iot,
    keywords = {myconf},
    title={IoT middleware for water management},
    author={Seno{\v{z}}etnik, Matej and Herga, Zala and {\v{S}}ubic, Tine and Brade{\v{s}}ko, Luka and Kenda, Klemen and Klemen, Kristina and Pergar, Petra and Mladeni{\'c}, Dunja},
    booktitle={Multidisciplinary Digital Publishing Institute Proceedings},
    volume={2},
    number={11},
    pages={696},
    year={2018}
}

@inproceedings{kenda:2018:optimal,
    keywords = {myconf},
    title={Optimal Missing Value Estimation Algorithm for Groundwater Levels},
    author={Kenda, Klemen and Koprivec, Filip and Mladeni{\'c}, Dunja},
    booktitle={Multidisciplinary Digital Publishing Institute Proceedings},
    volume={2},
    number={11},
    pages={698},
    year={2018}
}

@inproceedings{rizou:2018:water4cities,
    keywords = {myconf},
    title={Water4Cities: An ICT Platform Enabling Holistic Surface Water and Groundwater Management for Sustainable Cities},
    author={Rizou, Stamatia and Kenda, Klemen and Kofinas, Dimitris and Mellios, Nikos and Pergar, Petra and Ritsos, Panagiotis D and Vardakas, John and Kalaboukas, Kostas and Laspidou, Chrysi and Seno{\v{z}}etnik, Matej and others},
    booktitle={Multidisciplinary Digital Publishing Institute Proceedings},
    volume={2},
    number={11},
    pages={695},
    year={2018}
}

@inproceedings{kenda:2015:modelling,
    keywords = {},
    title={Modelling of the complex data space: Architecture and use cases from NRG4CAST project},
    author={Kenda, Kiemen and {\v{S}}krjanc, Maja and Bor{\v{s}}tnik, Andrej},
    booktitle={2015 6th International Conference on Information, Intelligence, Systems and Applications (IISA)},
    pages={1--4},
    year={2015},
    organization={IEEE}
}

@inproceedings{koronaki:2015:energy,
    keywords = {},
    title={Energy Forecasting and modelling in rural areas},
    author={Koronaki, Irene and Hubina, Tatsiana and Kalaboukas, Kostas and Markogiannakis, George and Giannis, Hamodrakas and Skrjanc, Maja and Kenda, Klemen and Mokorel, Simon and Nienke, Steffen and Calefato, Caterina},
    booktitle={2015 6th International Conference on Information, Intelligence, Systems and Applications (IISA)},
    pages={1--6},
    year={2015},
    organization={IEEE}
}

@inproceedings{kenda:2015:modelling2,
    keywords = {},
    title={Modelling in Energy Related Scenarios},
    author={Kenda, Klemen and {\v{S}}krjanc, Maja and Bor\v{s}tnik, Andrej},
    pages={21--24},
    booktitle= {2015 18th International Multiconference Information Society (IS)},
    year={2015},
    organization={Institut Jo\v{z}ef Stefan}
}

@inproceedings{fortuna:2014:qminer, 
    keywords = {},
    author={
        Bla\v{z} Fortuna and Jan Rupnik and Janez Brank and Carolina Fortuna and Viktor Jovanoski and Mario Karlov\v{c}ec and Bla\v{z} Ka\v{z}i\v{c} and Klemen Kenda and Gregor Leban and Andrej Muhi\v{c} and Bla\v{z} Novak and Jo\v{s}t Novljan and Miha Papler and Luis Rei and Bla\v{z} Sovdat and Luka Stopar and Marko Grobelnik and Dunja Mladeni\'{c}
    }, 
    booktitle={ Neural Information Processing Systems }, 
    title={{Q}{M}iner: {D}ata analytics platform for processing streams of structured and unstructured data}, 
    address = {Ljubljana, Slovenia},
    year={2014},
}

% -----------------------------------------------------------------------------------
% EXTERNAL PAPERS AND BOOKS
% -----------------------------------------------------------------------------------
@book{john:2017:datalake,
    title={Data lake for enterprises},
    author={John, Tomcy and Misra, Pankaj},
    year={2017},
    publisher={Packt Publishing Ltd}
}

@article{li:2015:iot,
    title={The internet of things: a survey},
    author={Li, Shancang and Xu, Li Da and Zhao, Shanshan},
    journal={Information systems frontiers},
    volume={17},
    pages={243--259},
    year={2015},
    publisher={Springer}
}

@article{kolajo:2019:big,
    title={Big data stream analysis: a systematic literature review},
    author={Kolajo, Taiwo and Daramola, Olawande and Adebiyi, Ayodele},
    journal={Journal of Big Data},
    volume={6},
    number={1},
    pages={47},
    year={2019},
    publisher={Springer}
}

@article{bahri:2021:data,
    title={Data stream analysis: Foundations, major tasks and tools},
    author={Bahri, Maroua and Bifet, Albert and Gama, Jo{\~a}o and Gomes, Heitor Murilo and Maniu, Silviu},
    journal={Wiley Interdisciplinary Reviews: Data Mining and Knowledge Discovery},
    volume={11},
    number={3},
    pages={e1405},
    year={2021},
    publisher={Wiley Online Library}
}

@article{manyika:2015:unlocking,
    title={Unlocking the Potential of the Internet of Things},
    author={Manyika, James and Chui, Michael and Bisson, Peter and Woetzel, Jonathan and Dobbs, Richard and Bughin, Jacques and Aharon, Dan},
    journal={McKinsey Global Institute},
    volume={1},
    year={2015}
}

@inproceedings{tu:2020:isdi,
    title={ISDI: A new window-based framework for integrating IoT streaming data from multiple sources},
    author={Tu, Doan Quang and Kayes, ASM and Rahayu, Wenny and Nguyen, Kinh},
    booktitle={Advanced Information Networking and Applications: Proceedings of the 33rd International Conference on Advanced Information Networking and Applications (AINA-2019) 33},
    pages={498--511},
    year={2020},
    organization={Springer}
}

@article{zhang:2019:advanced,
    title={Advanced heterogeneous feature fusion machine learning models and algorithms for improving indoor localization},
    author={Zhang, Lingwen and Xiao, Ning and Yang, Wenkao and Li, Jun},
    journal={Sensors},
    volume={19},
    number={1},
    pages={125},
    year={2019},
    publisher={MDPI}
}

@article{wu:2018:sensor,
    title={Sensor fusion for recognition of activities of daily living},
    author={Wu, Jiaxuan and Feng, Yunfei and Sun, Peng},
    journal={Sensors},
    volume={18},
    number={11},
    pages={4029},
    year={2018},
    publisher={MDPI}
}

@article{zhou:2018:multimodal,
    title={A multimodal feature fusion-based deep learning method for online fault diagnosis of rotating machinery},
    author={Zhou, Funa and Hu, Po and Yang, Shuai and Wen, Chenglin},
    journal={Sensors},
    volume={18},
    number={10},
    pages={3521},
    year={2018},
    publisher={MDPI}
}

@article{wu:2019:fusion,
    title={Fusion of high-dynamic and low-drift sensors using Kalman filters},
    author={Wu, Bin and Huang, Tiantian and Jin, Yan and Pan, Jie and Song, Kaichen},
    journal={Sensors},
    volume={19},
    number={1},
    pages={186},
    year={2019},
    publisher={MDPI}
}
@article{akbar:2018:real,
    title={Real-time probabilistic data fusion for large-scale IoT applications},
    author={Akbar, Adnan and Kousiouris, George and Pervaiz, Haris and Sancho, Juan and Ta-Shma, Paula and Carrez, Francois and Moessner, Klaus},
    journal={Ieee Access},
    volume={6},
    pages={10015--10027},
    year={2018},
    publisher={IEEE}
}

@article{jia:2022:feature,
    title={Feature dimensionality reduction: a review},
    author={Jia, Weikuan and Sun, Meili and Lian, Jian and Hou, Sujuan},
    journal={Complex \& Intelligent Systems},
    volume={8},
    number={3},
    pages={2663--2693},
    year={2022},
    publisher={Springer}
}

@article{hua:2009:performance,
    title={Performance of feature-selection methods in the classification of high-dimension data},
    author={Hua, Jianping and Tembe, Waibhav D and Dougherty, Edward R},
    journal={Pattern Recognition},
    volume={42},
    number={3},
    pages={409--424},
    year={2009},
    publisher={Elsevier}
}

@article{li:2017:feature,
    title={Feature selection: A data perspective},
    author={Li, Jundong and Cheng, Kewei and Wang, Suhang and Morstatter, Fred and Trevino, Robert P and Tang, Jiliang and Liu, Huan},
    journal={ACM computing surveys (CSUR)},
    volume={50},
    number={6},
    pages={1--45},
    year={2017},
    publisher={ACM New York, NY, USA}
}

@article{qian:2015:poss,
    title={Subset selection by Pareto optimization},
    author={Qian, Chao and Yu, Yang and Zhou, Zhi-Hua},
    journal={Advances in neural information processing systems},
    volume={28},
    year={2015}
}

@inproceedings{alhakbani:2017:fs-sds,
    title={Feature selection using stochastic diffusion search},
    author={Alhakbani, Haya and Al-Rifaie, Mohammad Majid},
    booktitle={Proceedings of the Genetic and Evolutionary Computation Conference},
    pages={385--392},
    year={2017}
}

@article{guyon:2003:dt-forward,
  title={An introduction to variable and feature selection},
  author={Guyon, Isabelle and Elisseeff, Andr{\'e}},
  journal={Journal of machine learning research},
  volume={3},
  number={Mar},
  pages={1157--1182},
  year={2003}
}

@book{hall:2001:multisensor,
    title={Multisensor data fusion},
    author={Hall, David and Llinas, James},
    year={2001},
    publisher={CRC press}
}


@article{garza:2023:timegpt,
    title={{TimeGPT-1}},
    author={Garza, Azul and Mergenthaler-Canseco, Max},
    journal={arXiv preprint arXiv:2310.03589},
    year={2023}
}


@article{oreshkin:2019:nbeats,
    title={N-BEATS: Neural basis expansion analysis for interpretable time series forecasting},
    author={Oreshkin, Boris N and Carpov, Dmitri and Chapados, Nicolas and Bengio, Yoshua},
    journal={arXiv preprint arXiv:1905.10437},
    year={2019}
}

@inproceedings{challu:2023:nhits,
    title={Nhits: Neural hierarchical interpolation for time series forecasting},
    author={Challu, Cristian and Olivares, Kin G and Oreshkin, Boris N and Ramirez, Federico Garza and Canseco, Max Mergenthaler and Dubrawski, Artur},
    booktitle={Proceedings of the AAAI Conference on Artificial Intelligence},
    volume={37},
    number={6},
    pages={6989--6997},
    year={2023}
}

@article{nie:2022:time,
    title={A time series is worth 64 words: Long-term forecasting with transformers},
    author={Nie, Yuqi and Nguyen, Nam H and Sinthong, Phanwadee and Kalagnanam, Jayant},
    journal={arXiv preprint arXiv:2211.14730},
    year={2022}
}


@article{kreuzberger:2023:mlops,
    title={Machine learning operations ({MLOps}): Overview, definition, and architecture},
    author={Kreuzberger, Dominik and K{\"u}hl, Niklas and Hirschl, Sebastian},
    journal={IEEE Access},
    year={2023},
    publisher={IEEE}
}